<?xml version="1.0" encoding="UTF-8"?><collection xmlns="http://www.loc.gov/MARC21/slim"><record><leader>00413nam--2200133-i-4500</leader><controlfield tag="001">000016804</controlfield><controlfield tag="002">20161230</controlfield><controlfield tag="005">20161230201032</controlfield><controlfield tag="008">060222s1000------------r-----000-0-eng-d</controlfield><datafield ind1=" " ind2=" " tag="080"><subfield code="a">621.382.3(043)</subfield></datafield><datafield ind1=" " ind2=" " tag="100"><subfield code="a">Benna, Bernhard</subfield></datafield><datafield ind1=" " ind2=" " tag="245"><subfield code="a">Untersuchungen am poly-si emitter selbstjustie rter vlsi bipolartransistoren dissertation</subfield></datafield><datafield ind1=" " ind2=" " tag="260"><subfield code="a">Aachen, Rheinisch-westfalischen Technischen, 1987. 176 P</subfield></datafield><datafield ind1=" " ind2=" " tag="852"><subfield code="a">78801</subfield></datafield></record></collection>